<?xml version="1.0" encoding="UTF-8"?><collection xmlns="http://www.loc.gov/MARC21/slim"><record><leader>00509nam--2200193-u-4500</leader><controlfield tag="001">000052497</controlfield><controlfield tag="002">20161230</controlfield><controlfield tag="005">20161230201050</controlfield><controlfield tag="008">100826s1000------------r-----000-0-rus-d</controlfield><datafield ind1=" " ind2=" " tag="040"><subfield code="a">IFIN-HH</subfield></datafield><datafield ind1=" " ind2=" " tag="041"><subfield code="a">rus</subfield></datafield><datafield ind1=" " ind2=" " tag="080"><subfield code="a">532.528</subfield></datafield><datafield ind1="1" ind2=" " tag="100"><subfield code="a">Akulicev, V.A</subfield></datafield><datafield ind1="1" ind2="0" tag="245"><subfield code="a">Periodiceskie fazovie prevarasceniia v jidkostiah</subfield><subfield code="c">V.A. Akulicev, B.N. Alekseev, V.A. Bulanov</subfield></datafield><datafield ind1=" " ind2=" " tag="260"><subfield code="a">Moskva</subfield><subfield code="b">Nauka</subfield><subfield code="c">1986</subfield></datafield><datafield ind1=" " ind2=" " tag="300"><subfield code="a">280 p</subfield></datafield><datafield ind1="1" ind2=" " tag="700"><subfield code="a">Bulahov, V.A</subfield></datafield><datafield ind1=" " ind2=" " tag="852"><subfield code="a">73986</subfield><subfield code="c">532</subfield></datafield><datafield ind1=" " ind2=" " tag="CAT"><subfield code="a">Sys</subfield><subfield code="c">20100826</subfield><subfield code="h">114250</subfield></datafield></record></collection>